@Article{Knuth1984,
  author =       {Donald E. Knuth},
  title =        {Literate Programming},
  journal =      {The Computer Journal},
  year =         {1984},
  number =       {2},
  volume =       {27},
  pages =        {97--111},
  month =        {may},
}
@book{Knuth1986a,
  author =    {Donald E. Knuth},
  title =     {Computer Modern Typefaces},
  publisher = {Addison-Wesley},
  year =      {1986},
  volume =    {E},
  address =   {Reading, Massachusetts},
  series =    {Computers and Typesetting}
}
@book{Knuth1986b,
  author =    {Donald E. Knuth},
  title =     {{METAFONT}: The Program},
  publisher = {Addison-Wesley},
  year =      {1986},
  volume =    {D},
  address =   {Reading, Massachusetts},
  series =    {Computers and Typesetting}
}
@book{Knuth1986c,
  author={Donald E. Knuth},
  title={{TeX}: The Program},
  publisher={Addison-Wesley},
  year={1986},
  volume={B},
  address={Reading, Massachusetts},
  series={Computers and Typesetting}
}
@book{Knuth1986d,
  author={Donald E. Knuth},
  title={The {METAFONT}book},
  publisher={Addison-Wesley},
  year={1986},
  volume={C},
  address={Reading, Massachusetts},
  series={Computers and Typesetting}
}
@book{Knuth1986e,
  author={Donald E. Knuth},
  title={The {TeX}book},
  publisher={Addison-Wesley},
  year={1986},
  volume={A},
  address={Reading, Massachusetts},
  series={Computers and Typesetting}
}
@book{Lamport1985,
  author =    {Leslie Lamport},
  title =     {{LaTeX} --- A Document Preparation System: User's Guide and
                  Reference Manual},
  publisher = {Addison-Wesley},
  year =      {1985},
  address =   {Reading, Massachusetts},
  edition =   {2nd}
}
@ARTICLE{Mellinger1996,
  AUTHOR =       {Mellinger, A. and Vidal, C. R. and Jungen, Ch.},
  TITLE =        {Laser reduced fluorescence study of the carbon-monoxide nd
                  triplet {R}ydberg series-experimental results and multichannel
                  quantum-defect analysis},
  JOURNAL =      {J. Chem. Phys.},
  PAGES =        {8913-8921},
  VOLUME =       {104},
  NUMBER =       {5},
  YEAR =         {1996},
}
@Book{Mittelbach2004,
  author =       {Frank Mittelbach and Michel Goossens and Johannes
                 Braams and David Carlisle},
  title =        {The \LaTeX{} Companion},
  publisher =    {pub-AW},
  address =      {pub-AW:adr},
  edition =      {2},
  year =         {2004},
  ISBN =         {0-201-36299-6},
  ISBN-13 =      {978-0-201-36299-2},
  LCCN =         {Z253.4.L38 G66 2004},
  price =        {US\$59.99, CAN\$86.99},
  remark =       {Authors listed as: Frank Mittelbach and Michel
                 Goossens with Johannes Braams, David Carlisle, and
                 Chris Rowley, and with contributions by Christine Detig
                 and Joachim Schrod.},
}
@BOOK{2003lshort-cn,
  author =       {{C\TeX{} 翻译小组}},
  title =        {lshort中文版3.20},
  year =         {2003},
}
@BOOK{Deng2001,
  author =       {邓建松 and 彭冉冉 and 陈长松},
  title =        {\LaTeXe{} 科技排版指南},
  publisher =    {科学出版社},
  ISBN =         {7-03-009239-2/TP.1516},
  year =         {2001},
  address =      {北京},
}
@Book{Liu2013,
  title =        {\LaTeX{} 入门},
  author =       {刘海洋},
  publisher =    {电子工业出版社},
  address =      {北京},
  year =         {2013},
}
@BOOK{Wang2000,
  author =       {王磊},
  title =        {\LaTeXe{} 插图指南},
  year =         {2000},
}
@BOOK{Zhang2003,
  author =       {张林波},
  title =        {关于新版 CCT 的说明},
  year =         {2003},
}
